@manual{RCoreTeam2022, 
title = {R: A Language and Environment for Statistical Computing}, author = {{R Core Team}}, 
organization = {R Foundation for Statistical Computing}, 
address = {Vienna, Austria}, 
year = {2022}, 
url = {https://www.R-project.org/}
}

@article{Alexander1992,
  title={The {K}eetch-{B}yram {D}rought {I}ndex: A Corrigendum},
  author={Martin E. Alexander},
  journal={Bulletin of the American Meteorological Society},
  year={1992},
  volume={73},
  pages={61-62}
}

@article{KruegerEtAl2017,
author = {Krueger, Erik S. and Ochsner, Tyson E. and Quiring, Steven M. and Engle, David M. and Carlson, J.D. and Twidwell, Dirac and Fuhlendorf, Samuel D.},
title = {Measured Soil Moisture is a Better Predictor of Large Growing-Season Wildfires than the {K}eetch-{B}yram Drought Index},
journal = {Soil Science Society of America Journal},
year = {2017},
volume = {81},
number = {3},
pages = {490-502},
doi = {https://doi.org/10.2136/sssaj2017.01.0003},
url = {https://acsess.onlinelibrary.wiley.com/doi/abs/10.2136/sssaj2017.01.0003},
}

@book{VenablesRipley2002,
    title = {{Modern Applied Statistics with S}},
    author = {W. N. Venables and B. D. Ripley},
    publisher = {Springer},
    edition = {Fourth},
    address = {New York},
    year = {2002},
    note = {ISBN 0-387-95457-0},
    url = {http://www.stats.ox.ac.uk/pub/MASS4},
}

@article {AbatzoglouWilliams2016,
	author = {Abatzoglou, John T. and Williams, A. Park},
	title = {Impact of anthropogenic climate change on wildfire across western U.S. forests},
	volume = {113},
	number = {42},
	pages = {11770--11775},
	year = {2016},
	doi = {10.1073/pnas.1607171113},
	publisher = {National Academy of Sciences},
	issn = {0027-8424},
	journal = {Proceedings of the National Academy of Sciences}
}

@book{Hilbe2011,
  title={{Negative Binomial Regression}},
  author={Hilbe, J.M.},
  isbn={9780521198158},
  lccn={2010051121},
  year={2011},
  publisher={Cambridge University Press}
}

@article{StahlEtAl2020, 
AUTHOR = {Stahl, K. and Vidal, J.-P. and Hannaford, J. and Tijdeman, E. and Laaha, G. and Gauster, T. and Tallaksen, L. M.},
TITLE = {The challenges of hydrological drought definition, quantification and communication: an interdisciplinary perspective}, 
JOURNAL = {Proceedings of the International Association of Hydrological Sciences}, 
VOLUME = {383}, 
YEAR = {2020}, 
PAGES = {291--295}, 
URL = {https://piahs.copernicus.org/articles/383/291/2020/}, 
DOI = {10.5194/piahs-383-291-2020}
} 

@article{Short2020, 
title={Spatial wildfire occurrence data for the {U}nited {S}tates, 1992-2018 [FPA\_FOD\_20210409] (5th Edition)},
DOI={10.2737/rds-2013-0009.5}, 
journal={Forest Service Research Data Archive}, 
author={Short, Karen C.},
year = {2020} 
}

@article{KangElsner2016,
author = {N. Kang and J. B. Elsner},
title = {Climate mechanism for stronger typhoons in a warmer world},
journal = {J. Climate},
year = {2016},
volume = {29},
pages = {1051--1057},
doi={10.1175/JCLI-D-15-0585.1}
} 

@article{ChouEtAl2013, 
title={Increase in the range between wet and dry season precipitation}, 
volume={6}, 
DOI={10.1038/ngeo1744}, 
number={4}, 
journal={Nature Geoscience}, 
author={Chou, Chia and Chiang, John C. H. and Lan, Chia-Wei and Chung, Chia-Hui and Liao, Yi-Chun and Lee, Chia-Jung}, 
year={2013}, 
pages={263--267}} 

@misc{KeetchByram1968, 
title={A Drought Index for Forest Fire Control}, 
author={Keetch, John J. and Byram, George M.}, 
journal={Res. Pap. SE-38. Asheville, NC: U.S. Department of Agriculture, Forest Service, Southeastern Forest Experiment Station. 35 p.}, 
volume={038}, 
year={1968}}

@article{Ripley1976, 
title={The second-order analysis of stationary point processes},
volume={13}, 
DOI={10.2307/3212829}, 
number={2}, 
journal={Journal of Applied Probability}, publisher={Cambridge University Press}, 
author={Ripley, B. D.}, 
year={1976},
pages={255--266}}

@article{JanisEtAl2002,
  title={Near-real time mapping of {K}eetch-{B}yram drought index in the south-eastern {U}nited {S}tates},
  author={Michael J. Janis and Michael B. Johnson and Gloria M. Forthun},
  journal={International Journal of Wildland Fire},
  year={2002},
  volume={11},
  pages={281-289}
}

@article{ElsnerSchmertmann1994,
  title={Assessing forecast skill through cross validation},
  author={Elsner, James B and Schmertmann, CP},
  journal={Weather and Forecasting},
  volume={9},
  number={4},
  pages={619--624},
  year={1994},
  url={http://myweb.fsu.edu/jelsner/PDF/Research/ElsnerSchmertmann1994.pdf}
}

@article{Burkner2021,
    title = {Bayesian Item Response Modeling in {R} with {brms} and {Stan}},
    author = {Paul-Christian Bürkner},
    journal = {Journal of Statistical Software},
    year = {2021},
    volume = {100},
    number = {5},
    pages = {1--54},
    doi = {10.18637/jss.v100.i05},
    encoding = {UTF-8},
  }
 
 @Manual{Kay2022,
    title = {{tidybayes}: Tidy Data and Geoms for {Bayesian} Models},
    author = {Matthew Kay},
    year = {2022},
    note = {R package version 3.0.2},
    url = {http://mjskay.github.io/tidybayes/},
    doi = {10.5281/zenodo.1308151},
  }

@article{CarpenterEtAl2017,
 title={Stan: A Probabilistic Programming Language},
 volume={76},
 url={https://www.jstatsoft.org/index.php/jss/article/view/v076i01},
 doi={10.18637/jss.v076.i01},
 number={1},
 journal={Journal of Statistical Software},
 author={Carpenter, Bob and Gelman, Andrew and Hoffman, Matthew D. and Lee, Daniel and Goodrich, Ben and Betancourt, Michael and Brubaker, Marcus and Guo, Jiqiang and Li, Peter and Riddell, Allen},
 year={2017},
 pages={1-32}
}

@article{BrownEtAl2021,
title = {{US} wildfire potential: {A} historical view and future projection using high-resolution climate data},
author = {Brown, Emily K. and Wang, Jiali and Feng, Yan},
doi = {10.1088/1748-9326/aba868},
journal = {Environmental Research Letters},
number = 3,
volume = 16,
place = {United Kingdom},
year = {2021},
month = {3}
}

@article{KalashnikovEtAl2022,
author = {Dmitri A. Kalashnikov  and Jordan L. Schnell  and John T. Abatzoglou  and Daniel L. Swain  and Deepti Singh },
title = {{Increasing co-occurrence of fine particulate matter and ground-level ozone extremes in the western United States}},
journal = {Science Advances},
volume = {8},
number = {1},
pages = {eabi9386},
year = {2022},
doi = {10.1126/sciadv.abi9386},
}

@article{KoldenBrown2010,
author = {Kolden, Crystal and Brown, Timothy},
year = {2010},
month = {01},
pages = {},
title = {Beyond wildfire: {P}erspectives of climate, managed fire and policy in the {USA}},
volume = {19},
journal = {International Journal of Wildland Fire},
doi = {10.1071/WF08111}
}

@article{TurcoEtAl2019,
author = {Marco Turco and Ra√ºl Marcos-Matamoros and Xavier Castro and Esteve Canyameras and Maria Carmen Llasat},
title = {Seasonal prediction of climate-driven fire risk for decision-making and operational applications in a {M}editerranean region},
journal = {Science of The Total Environment},
volume = {676},
pages = {577-583},
year = {2019},
issn = {0048-9697},
doi = {https://doi.org/10.1016/j.scitotenv.2019.04.296},
url = {https://www.sciencedirect.com/science/article/pii/S0048969719318315},
}

@article{GossEtAl2020,
	doi = {10.1088/1748-9326/ab83a7},
	url = {https://doi.org/10.1088/1748-9326/ab83a7},
	year = 2020,
	month = {aug},
	publisher = {{IOP} Publishing},
	volume = {15},
	number = {9},
	pages = {094016},
	author = {Michael Goss and Daniel L Swain and John T Abatzoglou and Ali Sarhadi and Crystal A Kolden and A Park Williams and Noah S Diffenbaugh},
	title = {Climate change is increasing the likelihood of extreme autumn wildfire conditions across {C}alifornia},
	journal = {Environmental Research Letters},
	}

@article{ElsnerSchroder2019,
      author = "James B. Elsner and Zoe Schroder",
      title = "Tornado Damage Ratings Estimated with Cumulative Logistic Regression",
      journal = "Journal of Applied Meteorology and Climatology",
      year = "2019",
      publisher = "American Meteorological Society",
      address = "Boston MA, USA",
      volume = "58",
      number = "12",
      doi = "10.1175/JAMC-D-19-0178.1",
      pages=      "2733 - 2741",
      url = "https://journals.ametsoc.org/view/journals/apme/58/12/jamc-d-19-0178.1.xml"
}



@article{Black2017,
   author = {Carolyn Black and Yohannes Tesfaigzi and Jed A. Bassein and Lisa A. Miller},
   doi = {10.1016/j.etap.2017.08.022},
   issn = {18727077},
   journal = {Environmental Toxicology and Pharmacology},
   keywords = {Exposure,Health,Inhalation,Particulate,Smoke,Toxicology,Wildfire},
   month = {10},
   pages = {186-195},
   pmid = {28892756},
   publisher = {Elsevier B.V.},
   title = {{Wildfire smoke exposure and human health: {S}ignificant gaps in research for a growing public health issue}},
   volume = {55},
   year = {2017},
}

@inproceedings{Ferguson1998,
   author = {Joseph P Ferguson},
   issue = {20},
   booktitle = {Tall Timbers Fire Ecology Conference Proceedings},
   title = {{Prescribed fire on the Apalachicola Ranger District: The shift from dormant season to growing season and effects on wildfire suppression}},
   year = {1998},
}

@report{James2006,
   author = {Frances C James},
   title = {{Friends of the Apalachicola National Forest Fact Sheet No. 1, v. 1 An Introduction to the History, Ecology, and Management of the Apalachicola National Forest}},
   publisher = {Friends of the Apalachicola National Forest},
   url = {http://bio.fsu.edu/FANF},
   year = {2006},
}

@article{Trager2018,
   author = {Trager, Matthew D and Drake, Jason B and Jenkins, Amy M and Petrick, Carl J},
   doi = {10.1093/jofore/fvx017},
   issn = {19383746},
   issue = {3},
   journal = {Journal of Forestry},
   month = {5},
   pages = {304-311},
   publisher = {Oxford University Press},
   title = {{Mapping and modeling ecological conditions of longleaf pine habitats in the Apalachicola National Forest}},
   volume = {116},
   year = {2018},
}

@article{Littell2016,
   author = {Jeremy S. Littell and David L. Peterson and Karin L. Riley and Yongquiang Liu and Charles H. Luce},
   doi = {10.1111/gcb.13275},
   issn = {13652486},
   issue = {7},
   journal = {Global Change Biology},
   month = {7},
   pages = {2353-2369},
   title = {{A review of the relationships between drought and forest fire in the United States}},
   volume = {22},
   year = {2016}
}

@report{Daly2013,
   author = {Christopher Daly and Kirk Bryant},
   title = {{The PRISM Climate and Weather System-An Introduction}},
   year = {2013},
}

@article{BeckagePlatt2003,
   author = {Brian Beckage and William J. Platt},
   doi = {10.1890/1540-9295(2003)001[0235:PSWYIT]2.0.CO;2},
   issn = {15409309},
   issue = {5},
   journal = {Frontiers in Ecology and the Environment},
   month = {6},
   pages = {235-239},
   publisher = {Ecological Society of America},
   title = {{Predicting severe wildfire years in the Florida Everglades}},
   volume = {1},
   year = {2003},
}

@article{LiuEtAl2013,
   author = {Yongqiang Liu and Scott L. Goodrick and John A. Stanturf},
   doi = {10.1016/j.foreco.2012.06.049},
   issn = {03781127},
   journal = {Forest Ecology and Management},
   month = {4},
   pages = {120-135},
   title = {{Future U.S. wildfire potential trends projected using a dynamically downscaled climate change scenario}},
   volume = {294},
   year = {2013},
}

@article{AddingtonEtAl2015,
   author = {Robert N. Addington and Stephen J. Hudson and J. Kevin Hiers and Matthew D. Hurteau and Thomas F. Hutcherson and George Matusick and James M. Parker},
   doi = {10.1071/WF14187},
   issn = {10498001},
   issue = {6},
   journal = {International Journal of Wildland Fire},
   keywords = {Byram Drought Index,Fort Benning,Keetch,fuels reduction,longleaf pine},
   pages = {778-783},
   publisher = {CSIRO},
   title = {{Relationships among wildfire, prescribed fire, and drought in a fire-prone landscape in the south-eastern United States}},
   volume = {24},
   year = {2015},
}